<?xml version="1.0" encoding="UTF-8"?><collection xmlns="http://www.loc.gov/MARC21/slim"><record><leader>00425nam--2200133-i-4500</leader><controlfield tag="001">000027044</controlfield><controlfield tag="002">20161230</controlfield><controlfield tag="005">20161230201036</controlfield><controlfield tag="008">060222s1000------------r-----000-0-eng-d</controlfield><datafield ind1=" " ind2=" " tag="080"><subfield code="a">543.51(043)</subfield></datafield><datafield ind1=" " ind2=" " tag="100"><subfield code="a">Knutti, Rudolf</subfield></datafield><datafield ind1=" " ind2=" " tag="245"><subfield code="a">Massenspektroskopische untersuchung der reaktion von wasserstoff-atomen mit benzol in der gasphase</subfield></datafield><datafield ind1=" " ind2=" " tag="260"><subfield code="a">Zurich, Eidgenossishen Technischen Hochschule Zurich, 1973, 79p</subfield></datafield><datafield ind1=" " ind2=" " tag="852"><subfield code="a">43469</subfield></datafield></record></collection>